<record><leader>00000cas a22000007a 4500</leader><controlfield tag="001">27999363</controlfield><controlfield tag="008">930428d19071910okuwr n       0    0eng d</controlfield><datafield ind1=" " ind2=" " tag="010"><subfield code="a">sn 93066027 </subfield></datafield><datafield ind1=" " ind2=" " tag="040"><subfield code="a">OBN</subfield><subfield code="b">eng</subfield><subfield code="c">OBN</subfield><subfield code="d">OCLCQ</subfield><subfield code="d">OCLCF</subfield><subfield code="d">OCLCO</subfield></datafield><datafield ind1="1" ind2=" " tag="029"><subfield code="a">AU@</subfield><subfield code="b">000011992469</subfield></datafield><datafield ind1=" " ind2=" " tag="042"><subfield code="a">msc</subfield></datafield><datafield ind1=" " ind2=" " tag="043"><subfield code="a">n-us-ok</subfield></datafield><datafield ind1="0" ind2="4" tag="245"><subfield code="a">The Lincoln County journal/The Stroud star.</subfield></datafield><datafield ind1=" " ind2=" " tag="260"><subfield code="a">Stroud, Okla. :</subfield><subfield code="b">Mission Press Pub. Co.</subfield></datafield><datafield ind1=" " ind2=" " tag="300"><subfield code="a">v.</subfield></datafield><datafield ind1=" " ind2=" " tag="310"><subfield code="a">Weekly</subfield></datafield><datafield ind1="0" ind2=" " tag="362"><subfield code="a">Vol. 1, no. 50 (Feb. 21, 1907)-</subfield></datafield><datafield ind1="1" ind2=" " tag="362"><subfield code="a">Ceased in 1910.</subfield></datafield><datafield ind1=" " ind2="0" tag="651"><subfield code="a">Stroud (Okla.)</subfield><subfield code="v">Newspapers.</subfield></datafield><datafield ind1=" " ind2="0" tag="651"><subfield code="a">Lincoln County (Okla.)</subfield><subfield code="v">Newspapers.</subfield></datafield><datafield ind1=" " ind2="7" tag="655"><subfield code="a">Newspapers.</subfield><subfield code="2">fast</subfield><subfield code="0">(OCoLC)fst01423814</subfield></datafield><datafield ind1=" " ind2="7" tag="651"><subfield code="a">Oklahoma</subfield><subfield code="z">Lincoln County.</subfield><subfield code="2">fast</subfield><subfield code="0">(OCoLC)fst01223982</subfield></datafield><datafield ind1=" " ind2="7" tag="651"><subfield code="a">Oklahoma</subfield><subfield code="z">Stroud.</subfield><subfield code="2">fast</subfield><subfield code="0">(OCoLC)fst01220555</subfield></datafield><datafield ind1=" " ind2=" " tag="752"><subfield code="a">United States</subfield><subfield code="b">Oklahoma</subfield><subfield code="c">Lincoln</subfield><subfield code="d">Stroud.</subfield></datafield><datafield ind1="0" ind2="4" tag="780"><subfield code="t">Lincoln County journal</subfield><subfield code="w">(DLC)sn 92072433</subfield><subfield code="w">(OCoLC)27077075</subfield></datafield><datafield ind1="0" ind2="4" tag="780"><subfield code="t">Stroud star</subfield><subfield code="w">(DLC)sn 93066026</subfield><subfield code="w">(OCoLC)27999314</subfield></datafield><datafield ind1="0" ind2="0" tag="785"><subfield code="t">Stroud democrat</subfield><subfield code="w">(DLC)sn 95076132</subfield><subfield code="w">(OCoLC)33192967</subfield></datafield></record>